%% This BibTeX bibliography file was created using BibDesk.
%% https://bibdesk.sourceforge.io/

%% Created for Andrea Grossutti at 2020-03-08 02:22:12 +0100 


%% Saved with string encoding Unicode (UTF-8) 



@book{book:16449,
	Author = {M. E. Peskin and D. V. Schroeder},
	Date-Added = {2020-03-08 01:51:29 +0100},
	Date-Modified = {2020-03-08 02:19:24 +0100},
	Publisher = {Addison-Wesley Pub. Co},
	Series = {Frontiers in Physics},
	Title = {An introduction to quantum field theory},
	Year = {1995},
	Bdsk-Url-1 = {http://gen.lib.rus.ec/book/index.php?md5=2ff28c3d3b53792ed7887406d5f5df2f}}
