%% This BibTeX bibliography file was created using BibDesk.
%% https://bibdesk.sourceforge.io/

%% Created for Andrea Grossutti at 2020-10-05 01:12:42 +0200 


%% Saved with string encoding Unicode (UTF-8) 



@book{Bratteli_1997,
	Author = {Ola Bratteli and Derek W. Robinson},
	Date-Added = {2020-10-05 01:01:52 +0200},
	Date-Modified = {2020-10-05 01:02:33 +0200},
	Doi = {10.1007/978-3-662-03444-6},
	Publisher = {Springer Berlin Heidelberg},
	Title = {Operator Algebras and Quantum Statistical Mechanics 2},
	Url = {https://doi.org/10.1007%2F978-3-662-03444-6},
	Year = 1997,
	Bdsk-Url-1 = {https://doi.org/10.1007%2F978-3-662-03444-6},
	Bdsk-Url-2 = {https://doi.org/10.1007/978-3-662-03444-6}}

@book{Bratteli_1987,
	Author = {Ola Bratteli and Derek W. Robinson},
	Date-Added = {2020-10-05 01:00:33 +0200},
	Date-Modified = {2020-10-05 01:00:33 +0200},
	Doi = {10.1007/978-3-662-02520-8},
	Publisher = {Springer Berlin Heidelberg},
	Title = {Operator Algebras and Quantum Statistical Mechanics 1},
	Url = {https://doi.org/10.1007%2F978-3-662-02520-8},
	Year = 1987,
	Bdsk-Url-1 = {https://doi.org/10.1007%2F978-3-662-02520-8},
	Bdsk-Url-2 = {https://doi.org/10.1007/978-3-662-02520-8}}

@book{Greiner_1996,
	Author = {Walter Greiner and Joachim Reinhardt},
	Date-Added = {2020-10-05 00:51:56 +0200},
	Date-Modified = {2020-10-05 00:51:56 +0200},
	Doi = {10.1007/978-3-642-61485-9},
	Publisher = {Springer Berlin Heidelberg},
	Title = {Field Quantization},
	Url = {https://doi.org/10.1007%2F978-3-642-61485-9},
	Year = 1996,
	Bdsk-Url-1 = {https://doi.org/10.1007%2F978-3-642-61485-9},
	Bdsk-Url-2 = {https://doi.org/10.1007/978-3-642-61485-9}}

@book{Strocchi_2013,
	Author = {Franco Strocchi},
	Date-Modified = {2020-10-05 01:12:41 +0200},
	Isbn = {978-0-19-967157-1},
	Publisher = {Springer Berlin Heidelberg},
	Title = {An Introduction to Non-Perturbative Foundations of Quantum Field Theory},
	Year = 2013,
	Bdsk-Url-1 = {https://doi.org/10.1007/978-3-662-03444-6}}
