%% This BibTeX bibliography file was created using BibDesk.
%% https://bibdesk.sourceforge.io/

%% Created for Andrea Grossutti at 2020-03-30 13:10:22 +0200 


%% Saved with string encoding Unicode (UTF-8) 



@book{Landau2:1980aa,
	Author = {L.D. Landau and E.M. Lifshitz},
	Date-Added = {2020-03-30 13:07:24 +0200},
	Date-Modified = {2020-03-30 13:10:19 +0200},
	Edition = {4},
	Publisher = {Butterworth Heinemann},
	Title = {The classical theory of fields},
	Volume = {2},
	Year = {1980}}

@book{Rindler:2006aa,
	Author = {W. Rindler},
	Date-Added = {2020-03-13 14:02:10 +0100},
	Date-Modified = {2020-03-14 00:18:25 +0100},
	Edition = {2},
	Publisher = {Oxford University Press, USA},
	Title = {Relativity: Special, General, and Cosmological},
	Year = {2006},
	Bdsk-Url-1 = {http://gen.lib.rus.ec/book/index.php?md5=cef230cf762a59bb59c6906adc47b382}}

@book{Carroll:2004aa,
	Author = {S. Carroll},
	Date-Added = {2020-03-13 14:00:45 +0100},
	Date-Modified = {2020-03-14 00:19:03 +0100},
	Publisher = {Benjamin Cummings},
	Title = {Spacetime and Geometry: an Introduction to General Relativity},
	Year = {2004},
	Bdsk-Url-1 = {http://gen.lib.rus.ec/book/index.php?md5=1390317a05846205b53ae7eecbf0179e}}

@book{Nakahara:2003aa,
	Author = {M. Nakahara},
	Date-Added = {2020-03-13 13:58:55 +0100},
	Date-Modified = {2020-03-14 00:18:16 +0100},
	Edition = {2nd ed},
	Publisher = {Institute of Physics Publishing},
	Series = {Graduate student series in physics},
	Title = {Geometry, Topology, and Physics},
	Year = {2003},
	Bdsk-Url-1 = {http://gen.lib.rus.ec/book/index.php?md5=d8a229b3a90c803764004b69cbb457f6}}

@book{Zee:2013aa,
	Author = {A. Zee},
	Date-Added = {2020-03-13 13:56:40 +0100},
	Date-Modified = {2020-03-13 14:05:15 +0100},
	Publisher = {Princeton University Press},
	Series = {In a Nutshell (Princeton)},
	Title = {Einstein Gravity in a Nutshell},
	Year = {2013}}

@misc{Hooft:2012aa,
	Author = {G. 't Hooft},
	Date-Added = {2020-03-13 13:51:02 +0100},
	Date-Modified = {2020-03-13 13:53:47 +0100},
	Site = {http://www.staff.science.uu.nl/~hooft101/lectures/genrel_2013.pdf},
	Title = {Introduction to General Relativity},
	Year = {2012},
	Bdsk-File-1 = {YnBsaXN0MDDSAQIDBFxyZWxhdGl2ZVBhdGhZYWxpYXNEYXRhbxBKAC4ALgAvAC4ALgAvAC4ALgAvAC4ALgAvAC4ALgAvAFUAbgBpAHYAZQByAHMAaQB0AGEDAAAvAEMAbwByAHMAaQAgAGEAdAB0AGkAdgBpAC8ARwBlAG4AZQByAGEAbAAgAFIAZQBsAGEAdABpAHYAaQB0AHkALwBIAG8AbwBmAHQALQBuAG8AdABlAHMALgBwAGQAZk8RAcAAAAAAAcAAAgAADE1hY2ludG9zaCBIRAAAAAAAAAAAAAAAAAAAAAAAAABCRAAB/////w9Ib29mdC1ub3Rlcy5wZGYAAAAAAAAAAAAAAAAAAAAAAAAAAAAAAAAAAAAAAAAAAAAAAAAAAAAAAAAAAAAAAAD/////AAAAAAAAAAAAAAAAAAUABAAACiBjdQAAAAAAAAAAAAAAAAASR2VuZXJhbCBSZWxhdGl2aXR5AAIAXi86VXNlcnM6YW5kcmVhZ3Jvc3N1dHRpOkRvY3VtZW50czpVbml2ZXJzaXRhzIA6Q29yc2kgYXR0aXZpOkdlbmVyYWwgUmVsYXRpdml0eTpIb29mdC1ub3Rlcy5wZGYADgAgAA8ASABvAG8AZgB0AC0AbgBvAHQAZQBzAC4AcABkAGYADwAaAAwATQBhAGMAaQBuAHQAbwBzAGgAIABIAEQAEgBcVXNlcnMvYW5kcmVhZ3Jvc3N1dHRpL0RvY3VtZW50cy9Vbml2ZXJzaXRhzIAvQ29yc2kgYXR0aXZpL0dlbmVyYWwgUmVsYXRpdml0eS9Ib29mdC1ub3Rlcy5wZGYAEwABLwAAFQACABb//wAAAAgADQAaACQAuwAAAAAAAAIBAAAAAAAAAAUAAAAAAAAAAAAAAAAAAAJ/}}

@misc{Blau:2020aa,
	Author = {M. Blau},
	Date-Added = {2020-03-13 13:47:48 +0100},
	Date-Modified = {2020-03-13 13:49:24 +0100},
	Site = {http://www.blau.itp.unibe.ch/newlecturesGR.pdf},
	Title = {Lecture Notes on General Relativity},
	Year = {2020},
	Bdsk-File-1 = {YnBsaXN0MDDSAQIDBFxyZWxhdGl2ZVBhdGhZYWxpYXNEYXRhbxBJAC4ALgAvAC4ALgAvAC4ALgAvAC4ALgAvAC4ALgAvAFUAbgBpAHYAZQByAHMAaQB0AGEDAAAvAEMAbwByAHMAaQAgAGEAdAB0AGkAdgBpAC8ARwBlAG4AZQByAGEAbAAgAFIAZQBsAGEAdABpAHYAaQB0AHkALwBCAGwAYQB1AC0AbgBvAHQAZQBzAC4AcABkAGZPEQG+AAAAAAG+AAIAAAxNYWNpbnRvc2ggSEQAAAAAAAAAAAAAAAAAAAAAAAAAQkQAAf////8OQmxhdS1ub3Rlcy5wZGYAAAAAAAAAAAAAAAAAAAAAAAAAAAAAAAAAAAAAAAAAAAAAAAAAAAAAAAAAAAAAAAAA/////wAAAAAAAAAAAAAAAAAFAAQAAAogY3UAAAAAAAAAAAAAAAAAEkdlbmVyYWwgUmVsYXRpdml0eQACAF0vOlVzZXJzOmFuZHJlYWdyb3NzdXR0aTpEb2N1bWVudHM6VW5pdmVyc2l0YcyAOkNvcnNpIGF0dGl2aTpHZW5lcmFsIFJlbGF0aXZpdHk6QmxhdS1ub3Rlcy5wZGYAAA4AHgAOAEIAbABhAHUALQBuAG8AdABlAHMALgBwAGQAZgAPABoADABNAGEAYwBpAG4AdABvAHMAaAAgAEgARAASAFtVc2Vycy9hbmRyZWFncm9zc3V0dGkvRG9jdW1lbnRzL1VuaXZlcnNpdGHMgC9Db3JzaSBhdHRpdmkvR2VuZXJhbCBSZWxhdGl2aXR5L0JsYXUtbm90ZXMucGRmAAATAAEvAAAVAAIAFv//AAAACAANABoAJAC5AAAAAAAAAgEAAAAAAAAABQAAAAAAAAAAAAAAAAAAAns=}}
